@INPROCEEDINGS{299142,
author={Chen, G. and Kairys, G.},
booktitle={Industry Applications Society Annual Meeting, 1993., Conference Record of the 1993 IEEE},
title={When and when not to use fuzzy logic in industrial control},
year={1993},
month={oct},
volume={},
number={},
pages={2035 -2040 vol.3},
keywords={artificial intelligence;decision making;fuzzy inference output;fuzzy logic;industrial control;fuzzy control;industrial computer control;},
doi={10.1109/IAS.1993.299142},
ISSN={},}
@INBOOK{Fuzzy_Logic_Toolbox_For_Use_with_MATLAB,
  author={},
  Title = {Fuzzy Logic Toolbox For Use with MATLAB},
  Publisher = {MathWorks},
  Year = {2002},
  pages={1-4,2-6, 2-8,2-10,2-11,2-12,2-26,78,100-102,},}

@ARTICLE{Zadeh1965,
  author = {L.A. Zadeh},
  title = {Fuzzy sets},
  journal = {Information and Control},
  year = {1965},
  volume = {8},
  pages = {338-353},
  keywords = {fuzzy},
}
@book{Introduction_to_Fuzzy_Logic_using_MATLAB,
  Author = {S.N. Sivanandam and S. Sumathi and S. N. Deepa},
  Title = {Introduction to Fuzzy Logic using MATLAB},
  Publisher = {Springer},
  Year = {2010},
  ISBN = {3642071449},
  pages={118-120}  
}
@ARTICLE{62215,
author={Self, K.},
journal={Spectrum, IEEE},
title={Designing with fuzzy logic},
year={1990},
month={nov. },
volume={27},
number={11},
pages={42 -44},
keywords={control systems;fuzzy logic;buyer's guides;control system synthesis;fuzzy logic;},
doi={10.1109/6.62215},
ISSN={0018-9235},}
@ARTICLE{52552,
author={Lee, C.C.},
journal={Systems, Man and Cybernetics, IEEE Transactions on},
title={Fuzzy logic in control systems: fuzzy logic controller. II},
year={1990},
month={mar/apr},
volume={20},
number={2},
pages={419 -435},
keywords={decision-making logic;fuzzy logic controller;fuzzy set theory;industrial process control;inference mechanisms;sentence connectives;controllers;fuzzy logic;fuzzy set theory;inference mechanisms;process computer control;},
doi={10.1109/21.52552},
ISSN={0018-9472},}
@ARTICLE{158640,
author={Cox, E.},
journal={Spectrum, IEEE},
title={Fuzzy fundamentals},
year={1992},
month={oct. },
volume={29},
number={10},
pages={58 -61},
keywords={control system synthesis;control systems;design;fuzzy controller;fuzzy logic systems;models;steam turbine;control system synthesis;fuzzy control;fuzzy logic;machine control;steam turbines;},
doi={10.1109/6.158640},
ISSN={0018-9235},}
@ARTICLE{7735,
author={Bernard, J.A.},
journal={Control Systems Magazine, IEEE},
title={Use of a rule-based system for process control},
year={1988},
month={oct. },
volume={8},
number={5},
pages={3 -13},
keywords={5 MW;5 MW research reactor;Massachusetts Institute of Technology;analytic approaches;calibration;closed-loop controller;controller testing;digital control;fission research reactors;fuzzy logic;knowledge acquisition;performance criteria;rule-based system;steady-state;transient conditions;closed loop systems;digital control;expert systems;fission reactor core control and monitoring;fission research reactors;fuzzy logic;knowledge acquisition;power control;},
doi={10.1109/37.7735},
ISSN={0272-1708},}
@book{A_Computational_Approach_to_Learning_and_Machine_Intelligence,
  Author = {Jyh-Shing Roger Jang and Chuen-Tsai Sun and Eiji Mizutani},
  Title = {Neuro-Fuzzy and Soft Computing: A Computational Approach to Learning and Machine Intelligence},
  Publisher = {Prentice Hall},
  Year = {1997},
  ISBN = {0132610663},
}
@article{MamdaniA75,
  author    = {E. H. Mamdani and S. Assilian},
  title     = {An Experiment in Linguistic Synthesis with a Fuzzy Logic Controller},
  journal   = {International Journal of Man-Machine Studies},
  volume    = {7},
  number    = {1},
  year      = {1975},
  pages     = {1-13},
}
@book{Industrial_Applications_of_Fuzzy_Control,
  Author = {M. Sugeno},
  Title = {Industrial Applications of Fuzzy Control},
  Publisher = {Elsevier Science Ltd},
  Year = {1985},
  ISBN = {0444878297},
}
@ARTICLE{ANFIS_adaptive-network-based_fuzzy_inference_system,
author={Jang, J.-S.R.},
journal={Systems, Man and Cybernetics, IEEE Transactions on},
title={ANFIS: adaptive-network-based fuzzy inference system},
year={1993},
month={may/jun},
volume={23},
number={3},
pages={665 -685},
keywords={ANFIS;adaptive-network-based fuzzy inference system;artificial neural networks;automatic control;chaotic time series;control system;fuzzy if-then rules;fuzzy modeling;human knowledge;hybrid learning procedure;input-output data pairs;input-output mapping;nonlinear functions;signal processing;fuzzy logic;inference mechanisms;knowledge based systems;neural nets;signal processing;time series;},
doi={10.1109/21.256541},
ISSN={0018-9472},}
@article{Defuzzification_criteria_and_classification,
  author = "Werner Van Leekwijck, Etienne E. Kerre",
  journal = "J.P.B.",
  year = 1997,
  title = "Defuzzification: criteria and classification",
  doi = {10.1016/S0165-0114(97)00337-0},
  url = {http://dx.doi.org/10.1016/S0165-0114(97)00337-0},
}
