@INBOOK{Pattern_Recognition_and_Machine_Learning,
  Author = {Christopher M. Bishop},
  Title = {Pattern Recognition and Machine Learning (Information Science and Statistics)},
  Publisher = {Springer},
  Year = {2007},
  ISBN = {0387310738},
  pages = "111--112",
  key = "Pattern_Recognition_and_Machine_Learning"
}
@INBOOK{Pattern_Recognition_and_Machine_Learning423,
  Author = {Christopher M. Bishop},
  Title = {Pattern Recognition and Machine Learning (Information Science and Statistics)},
  Publisher = {Springer},
  Year = {2007},
  ISBN = {0387310738},
  pages = "423--425",
  key = "Pattern_Recognition_and_Machine_Learning"
}
@INBook{theodoridis2009pattern,
 author = {Theodoridis, Sergios},
 title = {Pattern recognition},
 publisher = {Academic Press},
 year = {2009},
 isbn = {9781597492720},
 pages = "741--742",
 address = {Burlington, MA London}
}
@book{0387310738,
  Author = {Christopher M. Bishop},
  Title = {Pattern Recognition and Machine Learning (Information Science and Statistics)},
  Publisher = {Springer},
  Year = {2007},
  ISBN = {0387310738},
  URL = {http://www.amazon.com/Pattern-Recognition-Learning-Information-Statistics/dp/0387310738%3FSubscriptionId%3D0JYN1NVW651KCA56C102%26tag%3Dtechkie-20%26linkCode%3Dxm2%26camp%3D2025%26creative%3D165953%26creativeASIN%3D0387310738}
}
@INPROCEEDINGS{Anomaly_Intrusion_Detection_System_Using_Gaussian_Mixture_Model,
author={Bahrololum, M. and Khaleghi, M.},
booktitle={Convergence and Hybrid Information Technology, 2008. ICCIT '08. Third International Conference on}, title={Anomaly Intrusion Detection System Using Gaussian Mixture Model},
year={2008},
month={nov.},
volume={1},
number={},
pages={1162 -1167},
keywords={Gaussian mixture model;Gaussian probability distribution;anomaly intrusion detection system;computer network;maximum likelihood detection;security threat;Gaussian distribution;maximum likelihood detection;security of data;},
doi={10.1109/ICCIT.2008.17},
ISSN={}
}
@INPROCEEDINGS{Fully_Unsupervised_Learning_of_Gaussian_Mixtures_for_Anomaly_Detection_in_Hyperspectral_Imagery,
author={Veracini, T. and Matteoli, S. and Diani, M. and Corsini, G.},
booktitle={Intelligent Systems Design and Applications, 2009. ISDA '09. Ninth International Conference on}, title={Fully Unsupervised Learning of Gaussian Mixtures for Anomaly Detection in Hyperspectral Imagery},
year={2009},
month={30 2009-dec. 2},
volume={},
number={},
pages={596 -601},
keywords={Bayesian framework;Gaussian mixture model;airborne sensor;anomaly detection;expectation maximization algorithm;fully unsupervised learning;generalized likelihood ratio test;hyperspectral imagery;mixture learning;parameter estimation;statistics;Bayes methods;Gaussian processes;expectation-maximisation algorithm;image processing;parameter estimation;unsupervised learning;},
doi={10.1109/ISDA.2009.220},
ISSN={},}
@INPROCEEDINGS{Anomaly_detection_in_sea_traffic_A_comparison_of_the_Gaussian_Mixture_Model_and_the_Kernel_Density_Estimator,
author={Laxhammar, R. and Falkman, G. and Sviestins, E.},
booktitle={Information Fusion, 2009. FUSION '09. 12th International Conference on}, title={Anomaly detection in sea traffic - A comparison of the Gaussian Mixture Model and the Kernel Density Estimator},
year={2009},
month={july},
volume={},
number={},
pages={756 -763},
keywords={Gaussian mixture model;anomaly detection;background knowledge;clustering approaches;geographical cells;kernel density estimator;sea traffic;vessel traffic;Gaussian processes;data analysis;marine engineering;pattern clustering;ships;traffic engineering computing;},
doi={},
ISSN={},}
@inproceedings{Fujimaki_2005_ASA_1081870.1081917,
 author = {Fujimaki, Ryohei and Yairi, Takehisa and Machida, Kazuo},
 title = {An approach to spacecraft anomaly detection problem using kernel feature space},
 booktitle = {Proceedings of the eleventh ACM SIGKDD international conference on Knowledge discovery in data mining},
 series = {KDD '05},
 year = {2005},
 isbn = {1-59593-135-X},
 location = {Chicago, Illinois, USA},
 pages = {401--410},
 numpages = {10},
 url = {http://doi.acm.org/10.1145/1081870.1081917},
 doi = {http://doi.acm.org/10.1145/1081870.1081917},
 acmid = {1081917},
 publisher = {ACM},
 address = {New York, NY, USA},
 keywords = {anomaly detection, kernel feature space, principal component analysis, spacecraft, time series data, von Mises Fisher distribution},
}
@ARTICLE{Parallel_and_distributed_computing_for_cybersecurity,
author={Kumar, V.},
journal={Distributed Systems Online, IEEE}, title={Parallel and distributed computing for cybersecurity},
year={2005},
month={},
volume={6},
number={10},
pages={},
keywords={ Minnesota Intrusion Detection System; cybersecurity; data mining; distributed computing; large-scale networks; parallel computing; sophisticated cyberattacks; Internet; data mining; parallel processing; security of data;},
doi={10.1109/MDSO.2005.53},
ISSN={1541-4922},}
@INPROCEEDINGS{991693,
author={Spence, C. and Parra, L. and Sajda, P.},
booktitle={Mathematical Methods in Biomedical Image Analysis, 2001. MMBIA 2001. IEEE Workshop on}, title={Detection, synthesis and compression in mammographic image analysis with a hierarchical image probability model},
year={2001},
month={},
volume={},
number={},
pages={3 -10},
keywords={EM algorithm;Gaussian pyramid;ROI database;coarse-to-fine factoring;computer-aided diagnosis;conditional probabilities;density functions;feature notation;generative model;hidden variables;hierarchical image probability model;image distribution;image spaces;long-range spatial dependencies;mammographic image analysis;mammographic masses detection;mammographic synthesis;maximum likelihood estimation;novelty detection;pyramid representation;qualitative assessment;regions of interest compression;segmentation;tree-structured set;Gaussian distribution;data compression;feature extraction;image classification;image coding;image segmentation;mammography;maximum likelihood estimation;medical image processing;},
doi={10.1109/MMBIA.2001.991693},
ISSN={},}
@INPROCEEDINGS{618940,
author={Aleskerov, E. and Freisleben, B. and Rao, B.},
booktitle={Computational Intelligence for Financial Engineering (CIFEr), 1997., Proceedings of the IEEE/IAFE 1997}, title={CARDWATCH: a neural network based database mining system for credit card fraud detection},
year={1997},
month={mar},
volume={},
number={},
pages={220 -226},
ISSN={},}
@article{Chandola:2009:ADS:1541880.1541882,
 author = {Chandola, Varun and Banerjee, Arindam and Kumar, Vipin},
 title = {Anomaly detection: A survey},
 journal = {ACM Comput. Surv.},
 volume = {41},
 issue = {3},
 month = {July},
 year = {2009},
 issn = {0360-0300},
 pages = {15:1--15:58},
 articleno = {15},
 numpages = {58},
 url = {http://doi.acm.org/10.1145/1541880.1541882},
 acmid = {1541882},
 publisher = {ACM},
 address = {New York, NY, USA},
 keywords = {Anomaly detection, outlier detection},
}
@INPROCEEDINGS{4371451,
author={Feng Xue and Weizhong Yan},
booktitle={Neural Networks, 2007. IJCNN 2007. International Joint Conference on}, title={Parametric model-based anomaly detection for locomotive subsystems},
year={2007},
month={aug.},
pages={3074 -3079},
doi={10.1109/IJCNN.2007.4371451},
ISSN={1098-7576},}
@book{Introduction_to_Statistical_Pattern_Recognition,
  Author = {Keinosuke Fukunaga},
  Title = {Introduction to Statistical Pattern Recognition, Second Edition (Computer Science Scientific Computing)},
  Publisher = {Academic Press},
  Year = {1990},
  ISBN = {0122698517},
}
@incollection {An_Analytic_Distance_Metric_for_Gaussian_Mixture_Models,
   author = {Sfikas, G. and Constantinopoulos, C. and Likas, A. and Galatsanos, N.},
   affiliation = {Department of Computer Science, University of Ioannina, Ioannina, GR 45110 Greece},
   title = {An Analytic Distance Metric for Gaussian Mixture Models with Application in Image Retrieval},
   booktitle = {Artificial Neural Networks: Formal Models and Their Applications â€“ ICANN 2005},
   series = {Lecture Notes in Computer Science},
   editor = {Duch, Wlodzislaw and Kacprzyk, Janusz and Oja, Erkki and Zadrozny, Slawomir},
   publisher = {Springer Berlin / Heidelberg},
   isbn = {978-3-540-28755-1},
   keyword = {Computer Science},
   pages = {755-755},
   volume = {3697},
   url = {http://dx.doi.org/10.1007/11550907_132},
   year = {2005},
}
@article{PhysioNet,
 author = "Goldberger, A. L. and Amaral, L. A. N. and Glass, L. and
	   Hausdorff, J. M. and Ivanov, P. Ch. and Mark, R. G. and
	   Mietus, J. E. and Moody, G. B. and Peng, C.-K. and Stanley, H. E.",
 title = "{PhysioBank, PhysioToolkit, and PhysioNet}: Components of a New
	  Research Resource for Complex Physiologic Signals",
 journal = "Circulation",
 year = "2000 (June 13)",
 volume = "101",
 number = "23",
 pages = "e215--e220",
 note = "Circulation Electronic Pages:
         http://circ.ahajournals.org/cgi/content/full/101/23/e215
         PMID:1085218; doi: 10.1161/01.CIR.101.23.e215"}
@ARTICLE{c-index,
  author = {Hubert, L. and Schultz, J},
  title = {QUADRATIC ASSIGNMENT AS A GENERAL DATA ANALYSIS STRATEGY},
  journal = {British Journal of Mathematical and Statistical Psychology},
  year = {1976},
  volume = {29},
  pages = {190--241},
  owner = {behnam},
  note =" doi: 10.1111/j.2044-8317.1976.tb00714.x",
  url ="http://onlinelibrary.wiley.com/doi/10.1111/j.2044-8317.1976.tb00714.x/abstract",
  timestamp = {2011.10.24}
}