@article{Smith20121340,
title = "Dual arm manipulationâ€”A survey ",
journal = "Robotics and Autonomous Systems ",
volume = "60",
number = "10",
pages = "1340 - 1353",
year = "2012",
note = "",
issn = "0921-8890",
doi = "http://dx.doi.org/10.1016/j.robot.2012.07.005",
url = "http://www.sciencedirect.com/science/article/pii/S092188901200108X",
author = "Christian Smith and Yiannis Karayiannidis and Lazaros Nalpantidis and Xavi Gratal and Peng Qi and Dimos V. Dimarogonas and Danica Kragic",
keywords = "Dual arm robots",
keywords = "Domestic manipulation",
keywords = "Survey",
keywords = "Control",
keywords = "Modelling",
keywords = "Planning",
keywords = "Learning "
}
@INPROCEEDINGS{5686273, 
author={Surdilovic, D. and Yakut, Y. and Nguyen, T-M and Pham, X. B. and Vick, A. and Martin, R.M.}, 
booktitle={Humanoid Robots (Humanoids), 2010 10th IEEE-RAS International Conference on}, 
title={Compliance control with dual-arm humanoid robots: Design, planning and programming}, 
year={2010}, 
pages={275-281}, 
keywords={compliance control;control system synthesis;human-robot interaction;humanoid robots;path planning;robot programming;robotic assembly;stability;assembly tasks;bimanual operations;compliance control;contact transition processes;design;dual-arm humanoid robots;flexible algorithms;impedance control;interaction processes;parameter synthesis;planning;programming;stability;workerbot dual-arm system;Assembly;Force;Impedance;Planning;Robot kinematics;Service robots}, 
doi={10.1109/ICHR.2010.5686273},}
@book{choset2005principles,
  title={Principles of robot motion: theory, algorithms, and implementation},
  author={Choset, Howie M},
  year={2005},
  publisher={MIT press}
}
@book{preparata1985computational,
  title={Computational geometry: an introduction},
  author={Preparata, Franco P and Shamos, Michael Ian and Preparata, Franco P},
  volume={5},
  year={1985},
  publisher={Springer-Verlag New York}
}
@article{seidel1991simple,
  title={A simple and fast incremental randomized algorithm for computing trapezoidal decompositions and for triangulating polygons},
  author={Seidel, Raimund},
  journal={Computational Geometry},
  volume={1},
  number={1},
  pages={51--64},
  year={1991},
  publisher={Elsevier}
}
@INPROCEEDINGS{sbpl, 
author={Cohen, B.J. and Chitta, S. and Likhachev, M.}, 
booktitle={Robotics and Automation (ICRA), 2010 IEEE International Conference on}, 
title={Search-based planning for manipulation with motion primitives}, 
year={2010}, 
pages={2902-2908}, 
keywords={manipulators;path planning;search problems;7-DOF robotic manipulator;ARA* search;anytime heuristic search;heuristic search-based manipulation planner;heuristic searches;mobile manipulation platform;motion primitives;planning problem;robotic manipulation;search-based planning;Information science;Laboratories;Manipulators;Mobile robots;Motion analysis;Motion planning;Orbital robotics;Robotics and automation;Trajectory;USA Councils}, 
doi={10.1109/ROBOT.2010.5509685}, 
ISSN={1050-4729},}
@misc{likhachev2010search,
  title={Search-based Planning with Motion Primitives},
  author={Likhachev, Maxim},
  year={2010},
  publisher={Presentation at ROS Cotesys School at TUM}
}
@inproceedings{likhachev2005anytime,
  title={Anytime Dynamic A*: An Anytime, Replanning Algorithm.},
  author={Likhachev, Maxim and Ferguson, David I and Gordon, Geoffrey J and Stentz, Anthony and Thrun, Sebastian},
  booktitle={ICAPS},
  pages={262--271},
  year={2005}
}
@inproceedings{van2006anytime,
  title={Anytime path planning and replanning in dynamic environments},
  author={Van Den Berg, Jur and Ferguson, Dave and Kuffner, James},
  booktitle={Robotics and Automation, 2006. ICRA 2006. Proceedings 2006 IEEE International Conference on},
  pages={2366--2371},
  year={2006},
  organization={IEEE}
}
@article{likhachev2008r,
  title={R* search},
  author={Likhachev, Maxim and Stentz, Anthony},
  journal={Lab Papers (GRASP)},
  pages={23},
  year={2008}
}
@ARTICLE{prm, 
author={Kavraki, L.E. and Svestka, P. and Latombe, J.-C. and Overmars, M.H.}, 
journal={Robotics and Automation, IEEE Transactions on}, 
title={Probabilistic roadmaps for path planning in high-dimensional configuration spaces}, 
year={1996}, 
volume={12}, 
number={4}, 
pages={566-580}, 
keywords={graph theory;learning (artificial intelligence);mobile robots;path planning;probability;collision-free configurations;goal configurations;graph;high-dimensional configuration spaces;holonomic robot;learning phase;local planner;motion planning;multi-DOF planar articulated robots;path planning;probabilistic roadmaps;query phase;robots;start configurations;static workspaces;Computer science;Joining processes;Laboratories;Layout;Motion planning;Orbital robotics;Path planning;Robots;Workstations}, 
doi={10.1109/70.508439}, 
ISSN={1042-296X},}


@INPROCEEDINGS{EST, 
author={Hsu, D. and Latombe, J.-C. and Motwani, R.}, 
booktitle={Robotics and Automation, 1997. Proceedings., 1997 IEEE International Conference on}, 
title={Path planning in expansive configuration spaces}, 
year={1997}, 
volume={3}, 
pages={2719-2726 vol.3}, 
keywords={assembling;automobile industry;industrial manipulators;path planning;random processes;assembly;automotive industry;expansive configuration spaces;path planning;random sampling;roadmap planner;robots;Automotive engineering;Buildings;Computational geometry;Costs;Joining processes;Orbital robotics;Path planning;Robotic assembly;Sampling methods;Service robots}, 
doi={10.1109/ROBOT.1997.619371},}


@incollection{RRT_Koenig_1998_3858,
   author = "Sven Koenig and Reid Simmons",
   editor = "D. Kortenkamp, R. Bonasso and R. Murphy",
   title = "Xavier: A Robot Navigation Architecture Based on Partially Observable Markov Decision Process Models",
   booktitle = "Artificial Intelligence Based Mobile Robotics: Case Studies of Successful Robot Systems",
   pages = "91 - 122",
   publisher = "MIT Press",
   year = "1998",
}


@ARTICLE{SRT_Plaku05sampling-basedroadmap,
    author = {Erion Plaku and Kostas E. Bekris and Brian Y. Chen and Andrew M. Ladd and Lydia E. Kavraki},
    title = {Sampling-based roadmap of trees for parallel motion planning},
    journal = {IEEE Transactions on Robotics},
    year = {2005},
    volume = {21},
    pages = {597--608}
}

@ARTICLE{SBL_Sanchez02ondelaying,
    author = {Gildardo Sanchez and Jean-Claude Latombe},
    title = {On Delaying Collision Checking in PRM Planning -- Application To Multi-Robot Coordination},
    journal = {INTERNATIONAL JOURNAL OF ROBOTICS RESEARCH},
    year = {2002},
    volume = {21},
    pages = {5--26}
}    
@article{sucan2012the-open-motion-planning-library,
    Author = {Ioan A. \c{S}ucan and Mark Moll and Lydia E. Kavraki},
    Doi = {10.1109/MRA.2012.2205651},
    Journal = {{IEEE} Robotics \& Automation Magazine},
    Month = {December},
    Number = {4},
    Pages = {72--82},
    Title = {The {O}pen {M}otion {P}lanning {L}ibrary},
    Note = {\url{http://ompl.kavrakilab.org}},
    Volume = {19},
    Year = {2012}
}


@MISC{moveit,
  author = {Ioan A. Sucan and Sachin Chitta},
  title = {MoveIt!},
  owner = {basadi},
  timestamp = {2013.07.09},
  url = {http://moveit.ros.org},
  howpublished = "\url{http://moveit.ros.org/}"
}

@phdthesis{rrt,
  author = {David Hsu},
  title = {Randomized Single-Query Motion Planning In Expansive Spaces},
  school = {Department of Computer Science, Stanford University},
  year = {2000},
  owner = {basadi},
  timestamp = {2013.07.09}
}
@Book{lavalle2006planning,
 author = {LaValle, Steven},
 title = {Planning algorithms},
 publisher = {Cambridge University Press},
 year = {2006},
 address = {Cambridge New York},
 isbn = {978-0521862059}
}
@INPROCEEDINGS{ratliff2009chomp, 
author={Ratliff, N. and Zucker, M. and Bagnell, J.A. and Srinivasa, S.}, 
booktitle={Robotics and Automation, 2009. ICRA '09. IEEE International Conference on}, 
title={CHOMP: Gradient optimization techniques for efficient motion planning}, 
year={2009}, 
pages={489-494}, 
keywords={Legged locomotion;Motion planning;Optimal control;Optimization methods;Orbital robotics;Path planning;Robotics and automation;Robots;Space technology;Trajectory}, 
doi={10.1109/ROBOT.2009.5152817}, 
ISSN={1050-4729},}


@INPROCEEDINGS{Kalakrishnan:2011, 
author={Kalakrishnan, Mrinal and Chitta, S. and Theodorou, E. and Pastor, Peter and Schaal, S.}, 
booktitle={Robotics and Automation (ICRA), 2011 IEEE International Conference on}, 
title={STOMP: Stochastic trajectory optimization for motion planning}, 
year={2011}, 
pages={4569-4574}, 
keywords={collision avoidance;end effectors;mobile robots;optimisation;stochastic processes;STOMP;collision avoidance;cost function;end-effector;mobile manipulation system;stochastic trajectory optimization for motion planning;Acceleration;Cost function;Noise measurement;Optimal control;Planning;Trajectory}, 
doi={10.1109/ICRA.2011.5980280}, 
ISSN={1050-4729},}
@article{smits2011kdl,
  title={KDL: Kinematics and dynamics library},
  author={Smits, Ruben and Bruyninckx, H and Aertbeli{\"e}n, E},
  journal={Avaliable: http://www. orocos. org/kdl},
  year={2011}
}
@INPROCEEDINGS{1087247, 
author={Khatib, O.}, 
booktitle={Robotics and Automation. Proceedings. 1985 IEEE International Conference on}, 
title={Real-time obstacle avoidance for manipulators and mobile robots}, 
year={1985}, 
month={Mar}, 
volume={2}, 
pages={500-505}, 
keywords={Laboratories;Large Hadron Collider;Manipulators;Mobile robots}, 
doi={10.1109/ROBOT.1985.1087247},}
@inproceedings{koren1991potential,
  title={Potential field methods and their inherent limitations for mobile robot navigation},
  author={Koren, Yoram and Borenstein, Johann},
  booktitle={Robotics and Automation, 1991. Proceedings., 1991 IEEE International Conference on},
  pages={1398--1404},
  year={1991},
  organization={IEEE}
}
@article{safadi2007local,
  title={Local path planning using virtual potential field},
  author={Safadi, Hani},
  journal={McGill University School of Computer Science, Tech. Rep},
  year={2007}
}
@book{andrews1983impedance,
  title={Impedance control as a framework for implementing obstacle avoidance in a manipulator},
  author={Andrews, J Randolph},
  year={1983}
}
@MISC{ik_fast_doc,
  title = {OpenRAVE, IK Fast Module, OpenRAVE Documentation},
  year = {Cited January 2014},
  comment = {OpenRAVE ikfast Module, OpenRAVE Documentation},
  owner = {basadi},
  timestamp = {2014.01.14},
  url = {\url{http://openrave.org/docs/latest_stable/openravepy/ikfast/#ikfast-the-robot-kinematics-compiler}},
  howpublished = "\url{http://openrave.org/docs/latest_stable/openravepy/ikfast/#ikfast-the-robot-kinematics-compiler}"
}
@techreport{Diankov_2008_6117,
   author = "Rosen Diankov and James Kuffner",
   title = "OpenRAVE: A Planning Architecture for Autonomous Robotics",
   booktitle = "",
   institution = "Robotics Institute",
   month = "July",
   year = "2008",
   number= "CMU-RI-TR-08-34",
   address= "Pittsburgh, PA",
}
@book{Latombe:1991:RMP:532147,
 author = {Latombe, Jean-Claude},
 title = {Robot Motion Planning},
 year = {1991},
 isbn = {079239206X},
 publisher = {Kluwer Academic Publishers},
 address = {Norwell, MA, USA},
} 
@book{Choset_2005_5167,
   author = "Howie Choset and Kevin M. Lynch and Seth Hutchinson and George A Kantor and Wolfram Burgard and Lydia E. Kavraki and Sebastian Thrun",
   title = "Principles of Robot Motion: Theory, Algorithms, and Implementations",
   booktitle = "Principles of Robot Motion: Theory, Algorithms, and Implementations",
   publisher = "MIT Press",
   address = "Cambridge, MA",
   month = "June",
   year = "2005",
   Notes = "ISBN 0-262-03327-5"
}
@book{LaValle:2006:PA:1213331,
 author = {LaValle, Steven M.},
 title = {Planning Algorithms},
 year = {2006},
 isbn = {0521862051},
 publisher = {Cambridge University Press},
 address = {New York, NY, USA},
} 
@misc{Open_Motion_Planning_Library_A_Primer,
  title={Open Motion Planning Library:A Primer},
  url={\url{ompl.kavrakilab.org/OMPL_Primer.pdf}},
  year={2006},
  publisher={Kavraki Lab Rice University},
  howpublished = "\url{ompl.kavrakilab.org/OMPL_Primer.pdf/}"

}

@inproceedings{reif1979complexity,
  title={Complexity of the moverâ€™s problem and generalizations extended abstract},
  author={Reif, John H},
  booktitle={Proceedings of the 20th Annual IEEE Conference on Foundations of Computer Science},
  pages={421--427},
  year={1979}
}
@INPROCEEDINGS{5979775, 
author={Lemburg, J. and de Gea Fernandez, J. and Eich, M. and Mronga, D. and Kampmann, P. and Vogt, A. and Aggarwal, A. and Shi, Y. and Kirchner, F.}, 
booktitle={Robotics and Automation (ICRA), 2011 IEEE International Conference on}, 
title={AILA - design of an autonomous mobile dual-arm robot}, 
year={2011}, 
month={May}, 
pages={5147-5153}, 
keywords={force control;manipulators;mobile robots;path planning;AILA robot;active compliance;autonomous mobile dual-arm robot;dual-arm manipulation planning;force control;mechatronics area;mobile manipulation;navigation;object recognition;payload-to-weight ratio;robot design;scene representation;semantic perception;wheel-based mobile base;Brushless DC motors;Joints;Mobile communication;Robot kinematics;Sensors}, 
doi={10.1109/ICRA.2011.5979775}, 
ISSN={1050-4729},}
@ARTICLE{6377468, 
author={Sucan, I.A. and Moll, M. and Kavraki, L.E.}, 
journal={Robotics Automation Magazine, IEEE}, 
title={The Open Motion Planning Library}, 
year={2012}, 
month={Dec}, 
volume={19}, 
number={4}, 
pages={72-82}, 
keywords={control engineering computing;graphical user interfaces;libraries;operating systems (computers);path planning;robots;GUI;OMPL;ROS;graphical user interface;open motion planning library;robot operating system;sampling-based motion planning}, 
doi={10.1109/MRA.2012.2205651}, 
ISSN={1070-9932},}


@INPROCEEDINGS{1642052, 
author={Bandyopadhyay, T. and Yuanping Li and Ang, M.H., Jr. and Hsu, D.}, 
booktitle={Robotics and Automation, 2006. ICRA 2006. Proceedings 2006 IEEE International Conference on}, 
title={A greedy strategy for tracking a locally predictable target among obstacles}, 
year={2006}, 
month={May}, 
pages={2342-2347}, 
keywords={mobile robots;motion control;path planning;risk analysis;target tracking;mobile robots;motion planning;risk function;target tracking among obstacles;vantage time;velocity prediction;visibility constraint;Computer science;Mechanical engineering;Mechanical sensors;Mobile robots;Motion planning;Robot sensing systems;Security;Senior citizens;Target tracking;Trajectory}, 
doi={10.1109/ROBOT.2006.1642052}, 
ISSN={1050-4729},}

@incollection{Motion_Strategies_for_People_Tracking_in_Cluttered_and_Dynamic_Environments,
year={2009},
isbn={978-3-642-00195-6},
booktitle={Experimental Robotics},
volume={54},
series={Springer Tracts in Advanced Robotics},
editor={Khatib, Oussama and Kumar, Vijay and Pappas, GeorgeJ.},
doi={10.1007/978-3-642-00196-3_53},
title={Motion Strategies for People Tracking in Cluttered and Dynamic Environments},
url={http://dx.doi.org/10.1007/978-3-642-00196-3_53},
publisher={Springer Berlin Heidelberg},
author={Bandyopadhyay, Tirthankar and Hsu, David and Ang, MarceloH., Jr.},
pages={463-472},
language={English}
}

@inproceedings{kushleyev2009time,
  title={Time-bounded lattice for efficient planning in dynamic environments},
  author={Kushleyev, Aleksandr and Likhachev, Maxim},
  booktitle={Robotics and Automation, 2009. ICRA'09. IEEE International Conference on},
  pages={1662--1668},
  year={2009},
  organization={IEEE}
}

@inproceedings{ruiz2012homicidal,
  title={A homicidal differential drive robot},
  author={Ruiz, Ubaldo and Murrieta-Cid, Rafael},
  booktitle={Robotics and Automation (ICRA), 2012 IEEE International Conference on},
  pages={3218--3225},
  year={2012},
  organization={IEEE}
}

@inproceedings{park2012itomp,
  title={ITOMP: Incremental Trajectory Optimization for Real-Time Replanning in Dynamic Environments.},
  author={Park, Chonhyon and Pan, Jia and Manocha, Dinesh},
  booktitle={ICAPS},
  year={2012}
}

@article{berenson2011task,
  title={Task space regions: A framework for pose-constrained manipulation planning},
  author={Berenson, Dmitry and Srinivasa, Siddhartha S and Kuffner, James},
  journal={The International Journal of Robotics Research},
  pages={0278364910396389},
  year={2011},
  publisher={SAGE Publications}
}

@inproceedings{berenson2010probabilistically,
  title={Probabilistically complete planning with end-effector pose constraints},
  author={Berenson, Dmitry and Srinivasa, Siddhartha S},
  booktitle={Robotics and Automation (ICRA), 2010 IEEE International Conference on},
  pages={2724--2730},
  year={2010},
  organization={IEEE}
}

@inproceedings{stilman2007task,
  title={Task constrained motion planning in robot joint space},
  author={Stilman, Mike},
  booktitle={Intelligent Robots and Systems, 2007. IROS 2007. IEEE/RSJ International Conference on},
  pages={3074--3081},
  year={2007},
  organization={IEEE}
}
@inproceedings{Koga:1994:PMI:192161.192266,
 author = {Koga, Yoshihito and Kondo, Koichi and Kuffner, James and Latombe, Jean-Claude},
 title = {Planning Motions with Intentions},
 booktitle = {Proceedings of the 21st Annual Conference on Computer Graphics and Interactive Techniques},
 series = {SIGGRAPH '94},
 year = {1994},
 isbn = {0-89791-667-0},
 pages = {395--408},
 numpages = {14},
 url = {http://doi.acm.org/10.1145/192161.192266},
 doi = {10.1145/192161.192266},
 acmid = {192266},
 publisher = {ACM},
 address = {New York, NY, USA},
 keywords = {automatic manipulation planning, human arm kinematics, task-level graphic animation},
}

@inproceedings{bertram2006integrated,
  title={An integrated approach to inverse kinematics and path planning for redundant manipulators},
  author={Bertram, Dominik and Kuffner, James and Dillmann, Ruediger and Asfour, Tamim},
  booktitle={Robotics and Automation, 2006. ICRA 2006. Proceedings 2006 IEEE International Conference on},
  pages={1874--1879},
  year={2006},
  organization={IEEE}
}
@inproceedings{drumwright2006toward,
  title={Toward interactive reaching in static environments for humanoid robots},
  author={Drumwright, Evan and Ng-Thow-Hing, Victor},
  booktitle={Intelligent Robots and Systems, 2006 IEEE/RSJ International Conference on},
  pages={846--851},
  year={2006},
  organization={IEEE}
}
@Misc{ICRA_2012_Tutorial,
  Title                    = {Steven M. LaValle},

  Author                   = {Steven M. LaValle},
  Month                    = {May},
  Year                     = {2012},

  Comment                  = {Motion Planning for Dynamic Environments(LaValle)ICRA 2012 Tutorial},
  Owner                    = {basadi},
  Timestamp                = {2015.08.19},
  howpublished = "\url{http://msl.cs.uiuc.edu/~lavalle/icra12/}",
  Url                      = {http://msl.cs.uiuc.edu/~lavalle/icra12/}
}
@article{likhachev2009planning,
  title={Planning long dynamically feasible maneuvers for autonomous vehicles},
  author={Likhachev, Maxim and Ferguson, Dave},
  journal={The International Journal of Robotics Research},
  volume={28},
  number={8},
  pages={933--945},
  year={2009},
  publisher={SAGE Publications}
}

@article{fiorini1998motion,
  title={Motion planning in dynamic environments using velocity obstacles},
  author={Fiorini, Paolo and Shiller, Zvi},
  journal={The International Journal of Robotics Research},
  volume={17},
  number={7},
  pages={760--772},
  year={1998},
  publisher={SAGE Publications}
}
@inproceedings{park2013real,
  title={Real-time optimization-based planning in dynamic environments using GPUs},
  author={Park, Chonhyon and Pan, Jia and Manocha, Dinesh},
  booktitle={Robotics and Automation (ICRA), 2013 IEEE International Conference on},
  pages={4090--4097},
  year={2013},
  organization={IEEE}
}