@article{karaman2011sampling,
  title={Sampling-based algorithms for optimal motion planning},
  author={Karaman, Sertac and Frazzoli, Emilio},
  journal={The International Journal of Robotics Research},
  volume={30},
  number={7},
  pages={846--894},
  year={2011},
  publisher={Sage Publications}
}



@inproceedings{wurm2010octomap,
  title={OctoMap: A probabilistic, flexible, and compact 3D map representation for robotic systems},
  author={Wurm, Kai M and Hornung, Armin and Bennewitz, Maren and Stachniss, Cyrill and Burgard, Wolfram},
  booktitle={Proc. of the ICRA 2010 workshop on best practice in 3D perception and modeling for mobile manipulation},
  volume={2},
  year={2010}
}

@article{dynamicEDT3D,
  author = {Boris Lau and Christoph Sprunk and Wolfram Burgard},
  title = {Efficient Grid-based Spatial Representations for Robot Navigation in Dynamic Environments},
  journal = {Robotics and Autonomous Systems (RAS)},
  year = {2012},
  url = {http://octomap.sf.net/},
  note = {Accepted for publication. Software available at {http://octomap.sf.net/}}
}
@inproceedings{pan2012fcl,
  title={FCL: A general purpose library for collision and proximity queries},
  author={Pan, Jia and Chitta, Sachin and Manocha, Dinesh},
  booktitle={Robotics and Automation (ICRA), 2012 IEEE International Conference on},
  pages={3859--3866},
  year={2012},
  organization={IEEE}
}